
@article{calloni_electron_2014,
	title = {Electron spectroscopy investigation of the oxidation of ultra-thin films of {Ni} and {Cr} on {Fe}(0 0 1)},
	volume = {26},
	issn = {0953-8984, 1361-648X},
	url = {https://iopscience.iop.org/article/10.1088/0953-8984/26/44/445001},
	doi = {10.1088/0953-8984/26/44/445001},
	number = {44},
	urldate = {2022-11-02},
	journal = {Journal of Physics: Condensed Matter},
	author = {Calloni, A and Berti, G and Brambilla, A and Riva, M and Picone, A and Bussetti, G and Finazzi, M and Ciccacci, F and Duò, L},
	month = nov,
	year = {2014},
	pages = {445001},
}

@article{bussetti_filled_2016,
	title = {Filled and empty states of {Zn}-{TPP} films deposited on {Fe}(001)- \textit{p} (1×1){O}},
	volume = {7},
	issn = {2190-4286},
	url = {https://www.beilstein-journals.org/bjnano/articles/7/146},
	doi = {10.3762/bjnano.7.146},
	abstract = {Zn-tetraphenylporphyrin (Zn-TPP) was deposited on a single layer of metal oxide, namely an Fe(001)-
              p
              (1×1)O surface. The filled and empty electronic states were measured by means of UV photoemission and inverse photoemission spectroscopy on a single monolayer and a 20 monolayer thick film. The ionization energy and the electron affinity of the organic film were deduced and the interface dipole was determined and compared with data available in the literature.},
	language = {en},
	urldate = {2022-11-02},
	journal = {Beilstein Journal of Nanotechnology},
	author = {Bussetti, Gianlorenzo and Calloni, Alberto and Yivlialin, Rossella and Picone, Andrea and Bottegoni, Federico and Finazzi, Marco},
	month = oct,
	year = {2016},
	pages = {1527--1531},
	file = {Volltext:/Users/davidgutnikov/Zotero/storage/GJVLF5JD/Bussetti et al. - 2016 - Filled and empty states of Zn-TPP films deposited .pdf:application/pdf},
}

@article{davey_precision_1925,
	title = {Precision {Measurements} of the {Lattice} {Constants} of {Twelve} {Common} {Metals}},
	volume = {25},
	issn = {0031-899X},
	url = {https://link.aps.org/doi/10.1103/PhysRev.25.753},
	doi = {10.1103/PhysRev.25.753},
	language = {en},
	number = {6},
	urldate = {2022-11-02},
	journal = {Physical Review},
	author = {Davey, Wheeler P.},
	month = jun,
	year = {1925},
	pages = {753--761},
}

@article{bussetti_structure_2016,
	title = {Structure and electronic properties of {Zn}-tetra-phenyl-porphyrin single- and multi-layers films grown on {Fe}(001)-p(1 × 1){O}},
	volume = {390},
	issn = {01694332},
	url = {https://linkinghub.elsevier.com/retrieve/pii/S0169433216317937},
	doi = {10.1016/j.apsusc.2016.08.137},
	language = {en},
	urldate = {2022-11-03},
	journal = {Applied Surface Science},
	author = {Bussetti, Gianlorenzo and Calloni, Alberto and Celeri, Matteo and Yivlialin, Rossella and Finazzi, Marco and Bottegoni, Federico and Duò, Lamberto and Ciccacci, Franco},
	month = dec,
	year = {2016},
	pages = {856--862},
}

@article{picone_local_2018,
	title = {Local structure and morphological evolution of {ZnTPP} molecules grown on {Fe}(001)-p(1 × 1){O} studied by {STM} and {NEXAFS}},
	volume = {435},
	issn = {01694332},
	url = {https://linkinghub.elsevier.com/retrieve/pii/S0169433217334104},
	doi = {10.1016/j.apsusc.2017.11.128},
	language = {en},
	urldate = {2022-11-04},
	journal = {Applied Surface Science},
	author = {Picone, Andrea and Giannotti, Dario and Brambilla, Alberto and Bussetti, Gianlorenzo and Calloni, Alberto and Yivlialin, Rossella and Finazzi, Marco and Duò, Lamberto and Ciccacci, Franco and Goldoni, Andrea and Verdini, Alberto and Floreano, Luca},
	month = mar,
	year = {2018},
	pages = {841--847},
}

@article{schmidt-mende_zn-porphyrin-sensitized_2005,
	title = {Zn-{Porphyrin}-{Sensitized} {Nanocrystalline} {TiO2} {Heterojunction} {Photovoltaic} {Cells}},
	volume = {6},
	issn = {1439-4235, 1439-7641},
	url = {https://onlinelibrary.wiley.com/doi/10.1002/cphc.200500147},
	doi = {10.1002/cphc.200500147},
	language = {en},
	number = {7},
	urldate = {2022-11-04},
	journal = {ChemPhysChem},
	author = {Schmidt-Mende, Lukas and Campbell, Wayne M. and Wang, Qing and Jolley, Kenneth W. and Officer, David L. and Nazeeruddin, Md. K. and Grätzel, Michael},
	month = jul,
	year = {2005},
	pages = {1253--1258},
	file = {Eingereichte Version:/Users/davidgutnikov/Zotero/storage/WKW4YKVK/Schmidt-Mende et al. - 2005 - Zn-Porphyrin-Sensitized Nanocrystalline TiO2 Heter.pdf:application/pdf},
}

@article{graham_extended_2011,
	title = {Extended {Conjugation} {Platinum}({II}) {Porphyrins} for use in {Near}-{Infrared} {Emitting} {Organic} {Light} {Emitting} {Diodes}},
	volume = {23},
	issn = {0897-4756, 1520-5002},
	url = {https://pubs.acs.org/doi/10.1021/cm202242x},
	doi = {10.1021/cm202242x},
	language = {en},
	number = {24},
	urldate = {2022-11-04},
	journal = {Chemistry of Materials},
	author = {Graham, Kenneth R. and Yang, Yixing and Sommer, Jonathan R. and Shelton, Abigail H. and Schanze, Kirk S. and Xue, Jiangeng and Reynolds, John R.},
	month = dec,
	year = {2011},
	pages = {5305--5312},
}

@article{gottfried_surface_2015,
	title = {Surface chemistry of porphyrins and phthalocyanines},
	volume = {70},
	issn = {01675729},
	url = {https://linkinghub.elsevier.com/retrieve/pii/S0167572915000114},
	doi = {10.1016/j.surfrep.2015.04.001},
	language = {en},
	number = {3},
	urldate = {2022-11-04},
	journal = {Surface Science Reports},
	author = {Gottfried, J. Michael},
	month = nov,
	year = {2015},
	pages = {259--379},
}

@article{dolphin_biochemical_1974,
	title = {Biochemical significance of porphyrin .pi. cation radicals},
	volume = {7},
	issn = {0001-4842, 1520-4898},
	url = {https://pubs.acs.org/doi/abs/10.1021/ar50073a005},
	doi = {10.1021/ar50073a005},
	language = {en},
	number = {1},
	urldate = {2022-11-04},
	journal = {Accounts of Chemical Research},
	author = {Dolphin, David and Felton, Ronald H.},
	month = jan,
	year = {1974},
	pages = {26--32},
}

@article{fratesi_nontrivial_2020,
	title = {Nontrivial central-atom dependence in the adsorption of {M}-{TPP} molecules ({M} = {Co}, {Ni}, {Zn}) on {Fe}(001)- p ( 1 × 1 ) {O}},
	volume = {530},
	issn = {01694332},
	url = {https://linkinghub.elsevier.com/retrieve/pii/S0169433220318420},
	doi = {10.1016/j.apsusc.2020.147085},
	language = {en},
	urldate = {2022-11-04},
	journal = {Applied Surface Science},
	author = {Fratesi, Guido and Achilli, Simona and Ugolotti, Aldo and Lodesani, Alessandro and Picone, Andrea and Brambilla, Alberto and Floreano, Luca and Calloni, Alberto and Bussetti, Gianlorenzo},
	month = nov,
	year = {2020},
	pages = {147085},
	file = {Eingereichte Version:/Users/davidgutnikov/Zotero/storage/9P35MZAQ/Fratesi et al. - 2020 - Nontrivial central-atom dependence in the adsorpti.pdf:application/pdf},
}

@article{janas_enhancing_2022,
	title = {Enhancing {Electron} {Correlation} at a 3d {Ferromagnetic} {Surface}},
	issn = {0935-9648, 1521-4095},
	url = {https://onlinelibrary.wiley.com/doi/10.1002/adma.202205698},
	doi = {10.1002/adma.202205698},
	language = {en},
	urldate = {2022-11-04},
	journal = {Advanced Materials},
	author = {Janas, David Maximilian and Droghetti, Andrea and Ponzoni, Stefano and Cojocariu, Iulia and Jugovac, Matteo and Feyer, Vitaliy and Radonjić, Miloš M. and Rungger, Ivan and Chioncel, Liviu and Zamborlini, Giovanni and Cinchetti, Mirko},
	month = oct,
	year = {2022},
	pages = {2205698},
}

@book{wavemetrics_igor_nodate,
	title = {{IGOR} {Pro}},
	url = {www.wavemetrics.com/},
	publisher = {Version 8.0.4.2},
	author = {{WaveMetrics}},
}
