

% ein Lehrbuch:
@book{fauster,
  title={Oberfl{\"a}chenphysik},
  author={Fauster, T. and Hammer, L. and Heinz, K. and Schneider, M. A.},
  year={2019},
  publisher={De Gruyter Oldenbourg}
}


% Ein in einem Journal veröffentlichter Artikel (Paper):
@article{reactive,
  title={Reactive growth of MgO overlayers on Fe (0 0 1) surfaces studied by low-energy electron diffraction and atomic force microscopy},
  author={Tekiel, A. and Fostner, S. and Topple, J. and Miyahara, Y. and Gr{\"u}tter, P.},
  journal={Applied surface science},
  volume={273},
  pages={247--252},
  year={2013},
  publisher={Elsevier}
}
@article{hollerer2017charge,
  title={Charge transfer and orbital level alignment at inorganic/organic interfaces: the role of dielectric interlayers},
  author={Hollerer, M. and Lüftner, D. and Hurdax, P. and Ules, T. and Soubatch, S. and Tautz, F. S. and Koller, G. and Puschnig, P. and Sterrer, M. and Ramsey, M. G.},
  journal={ACS nano},
  volume={11},
  number={6},
  pages={6252--6260},
  year={2017},
  publisher={ACS Publications}
}
@article{parkin2004giant,
  title={Giant tunnelling magnetoresistance at room temperature with MgO (100) tunnel barriers},
  author={Parkin, S. and Kaiser, C. and Panchula, A. and Rice, P. M. and Hughes, B. and Samant, M. and Yang, S.-H.},
  journal={Nature materials},
  volume={3},
  number={12},
  pages={862--867},
  year={2004},
  publisher={Nature Publishing Group}
}
@article{yuasa2004giant,
  title={Giant room-temperature magnetoresistance in single-crystal Fe/MgO/Fe magnetic tunnel junctions},
  author={Yuasa, S. and Nagahama, T. and Fukushima, A. and Suzuki, Y. and Ando, K.},
  journal={Nature materials},
  volume={3},
  number={12},
  pages={868--871},
  year={2004},
  publisher={Nature Publishing Group}
}

@article{jona1987re,
  title={Re-examination of the Fe $\{$001$\}$ 1$\times$ 1- O structure},
  author={Jona, F. and Marcus, P.},
  journal={Solid state communications},
  volume={64},
  number={5},
  pages={667--671},
  year={1987},
  publisher={Elsevier}
}

@article{tange2010electronic,
  title={Electronic structure and spin polarization of the Fe (001)- p (1$\times$ 1) O surface},
  author={Tange, A. and Gao, C.L. and Yavorsky, B. and Maznichenko, I. and Etz, C. and Ernst, A. and Hergert, W. and Mertig, I. and Wulfhekel, W. and Kirschner, J.},
  journal={Physical Review B},
  volume={81},
  number={19},
  pages={195410},
  year={2010},
  publisher={APS}
}

@article{barraud2010unravelling,
  title={Unravelling the role of the interface for spin injection into organic semiconductors},
  author={Barraud, C. and Seneor, P. and Mattana, R. and Fusil, S. and Bouzehouane, K. and Deranlot, C. and Graziosi, P. and Hueso, L. and Bergenti, I. and Dediu, V. and others},
  journal={Nature Physics},
  volume={6},
  number={8},
  pages={615--620},
  year={2010},
  publisher={Nature Publishing Group}
}

@article{sun2018progress,
  title={Progress in organic molecular/ferromagnet spinterfaces: towards molecular spintronics},
  author={Sun, M. and Mi, W.},
  journal={Journal of Materials Chemistry C},
  volume={6},
  number={25},
  pages={6619--6636},
  year={2018},
  publisher={Royal Society of Chemistry}
}
@article{cinchetti2017activating,
  title={Activating the molecular spinterface},
  author={Cinchetti, M. and Dediu, V. and Hueso, L. E.},
  journal={Nature materials},
  volume={16},
  number={5},
  pages={507--515},
  year={2017},
  publisher={Nature Publishing Group}
}
@article{cinchetti2009determination,
  title={Determination of spin injection and transport in a ferromagnet/organic semiconductor heterojunction by two-photon photoemission},
  author={Cinchetti, M. and Heimer, K. and W{\"u}stenberg, J.-P. and Andreyev, O. and Bauer, M. and Lach, S. and Ziegler, C. and Gao, Y. and Aeschlimann, M.},
  journal={Nature materials},
  volume={8},
  number={2},
  pages={115--119},
  year={2009},
  publisher={Nature Publishing Group}
}
@article{baibich1988giant,
  title={Giant magnetoresistance of (001) Fe/(001) Cr magnetic superlattices},
  author={Baibich, M. N. and Broto, J. M. and Fert, A. and Van Dau, F. N. and Petroff, F. and Etienne, P. and Creuzet, G. and Friederich, A. and Chazelas, J.},
  journal={Physical review letters},
  volume={61},
  number={21},
  pages={2472},
  year={1988},
  publisher={APS}
}
@article{daughton2000gmr,
  title={GMR and SDT sensor applications},
  author={Daughton, J. M.},
  journal={IEEE Transactions on Magnetics},
  volume={36},
  number={5},
  pages={2773--2778},
  year={2000},
  publisher={IEEE}
}

@article{jogschies2015recent,
  title={Recent developments of magnetoresistive sensors for industrial applications},
  author={Jogschies, L. and Klaas, D. and Kruppe, R. and Rittinger, J. and Taptimthong, P. and Wienecke, A. and Rissing, L. and Wurz, M. C.},
  journal={Sensors},
  volume={15},
  number={11},
  pages={28665--28689},
  year={2015},
  publisher={Multidisciplinary Digital Publishing Institute}
}


@online{Wachstum,
  title={Herstellung und Charakterisierung epitaktischer Fe (001)/MgO/Fe-Tunnelmagnetowiderst{\"a}nde},
  author={Ullmann, D.},
  year={2002},
  publisher={Universit{\"a}ts-und Landesbibliothek Sachsen-Anhalt}
}

@article{greiner2012universal,
  title={Universal energy-level alignment of molecules on metal oxides},
  author={Greiner, M. T. and Helander, M. G. and Tang, W.-M. and Wang, Z.-B. and Qiu, J. and Lu, Z.-H.},
  journal={Nature materials},
  volume={11},
  number={1},
  pages={76--81},
  year={2012},
  publisher={Nature Publishing Group}
}
@article{tekiel2013reactive,
  title={Reactive growth of MgO overlayers on Fe (0 0 1) surfaces studied by low-energy electron diffraction and atomic force microscopy},
  author={Tekiel, A. and Fostner, S. and Topple, J. and Miyahara, Y. and Gr{\"u}tter, P.},
  journal={Applied surface science},
  volume={273},
  pages={247--252},
  year={2013},
  publisher={Elsevier}
}

@article{picone2016controlling,
  title={Controlling the electronic and structural coupling of C60 nano films on Fe (001) through oxygen adsorption at the interface},
  author={Picone, A. and Giannotti, D. and Riva, M. and Calloni, A. and Bussetti, G. and Berti, G. and Duò, L. and Ciccacci, F. and Finazzi, M. and Brambilla, A.},
  journal={ACS applied materials \& interfaces},
  volume={8},
  number={39},
  pages={26418--26424},
  year={2016},
  publisher={ACS Publications}
}

@article{gries1996universal,
  title={A universal predictive equation for the inelastic mean free pathlengths of X-ray photoelectrons and auger electrons},
  author={Gries, W. H.},
  journal={Surface and Interface Analysis: An International Journal devoted to the development and application of techniques for the analysis of surfaces, interfaces and thin films},
  volume={24},
  number={1},
  pages={38--50},
  year={1996},
  publisher={Wiley Online Library}
}

@article{tanuma1994calculations,
  title={Calculations of electron inelastic mean free paths. V. Data for 14 organic compounds over the 50--2000 eV range},
  author={Tanuma, S. and Powell, C. J. and Penn, D. R.},
  journal={Surface and interface analysis},
  volume={21},
  number={3},
  pages={165--176},
  year={1994},
  publisher={Wiley Online Library}
}

@article{akkerman1996inelastic,
  title={Inelastic electron interactions in the energy range 50 eV to 10 keV in insulators: Alkali halides and metal oxides},
  author={Akkerman, A. and Boutboul, T. and Breskin, A. and Chechik, R. and Gibrekhterman, A. and Lifshitz, Y.},
  journal={physica status solidi (b)},
  volume={198},
  number={2},
  pages={769--784},
  year={1996},
  publisher={Wiley Online Library}
}

@article{seah1979quantitative,
  title={Quantitative electron spectroscopy of surfaces: A standard data base for electron inelastic mean free paths in solids},
  author={Seah, M. P. and Dench, W.},
  journal={Surface and interface analysis},
  volume={1},
  number={1},
  pages={2--11},
  year={1979},
  publisher={Wiley Online Library}
}

@book{davis-1978,
	author = {Davis, L. and MacDonald, N. and Palmberg, P. and Riach, G.},
	edition = {2nd/Spiral},
	publisher = {Physical Electronics},
	title = {{Handbook of Auger Electron Spectroscopy: A Reference Book of Standard Data for Identification and Interpretation of Auger Electron Spectroscopy Data}},
	year = {1978},
}
@article{neave1983dynamics,
  title={Dynamics of film growth of GaAs by MBE from RHEED observations},
  author={Neave, J. and Joyce, B. and Dobson, P. and Norton, N.},
  journal={Applied Physics A},
  volume={31},
  number={1},
  pages={1--8},
  year={1983},
  publisher={Springer}
}

@article{sauerbrey1959verwendung,
  title={Verwendung von Schwingquarzen zur W{\"a}gung d{\"u}nner Schichten und zur Mikrow{\"a}gung},
  author={Sauerbrey, G.},
  journal={Zeitschrift f{\"u}r physik},
  volume={155},
  number={2},
  pages={206--222},
  year={1959},
  publisher={Springer}
}

@article{meyerheim2001geometrical,
  title={Geometrical and compositional structure at metal-oxide interfaces: MgO on Fe (001)},
  author={Meyerheim, H. and Popescu, R. and Kirschner, J. and Jedrecy, N. and Sauvage-Simkin, M. and Heinrich, B. and Pinchaux, R.},
  journal={Physical Review Letters},
  volume={87},
  number={7},
  pages={076102},
  year={2001},
  publisher={APS}
}

@article{klaua2001growth,
  title={Growth, structure, electronic, and magnetic properties of MgO/Fe (001) bilayers and Fe/MgO/Fe (001) trilayers},
  author={Klaua, M. and Ullmann, D. and Barthel, J. and Wulfhekel, W. and Kirschner, J. and Urban, R. and Monchesky, T. L. and Enders, A. and Cochran, J. F. and Heinrich, B.},
  journal={Physical Review B},
  volume={64},
  number={13},
  pages={134411},
  year={2001},
  publisher={APS}
}

@article{dynna1996low,
  title={A low-energy electron diffraction investigation of the surface deformation induced by misfit dislocations in thin MgO films grown on Fe (001)},
  author={Dynna, M. and Vassent, J. and Marty, A. and Gilles, B.},
  journal={Journal of applied physics},
  volume={80},
  number={5},
  pages={2650--2657},
  year={1996},
  publisher={American Institute of Physics}
}

@online{FOCUS,
  url={https://www.focus-gmbh.com/efm-evaporators/efm-3t/},
  urldate={2021-08},
  title={FOCUS EFM 3T Evaporator}
}

@online{IV,
  url={http://dol1.eng.sunysb.edu/ivdata/},
  urldate={2021-08},
  title={I(V) Data Repository}
}

@article{koch2007organic,
  title={Organic electronic devices and their functional interfaces},
  author={Koch, N.},
  journal={ChemPhysChem},
  volume={8},
  number={10},
  pages={1438--1455},
  year={2007},
  publisher={WILEY-VCH Verlag Weinheim}
}

@article{PhysRevB.39.4828,
  title = {Enhanced magnetoresistance in layered magnetic structures with antiferromagnetic interlayer exchange},
  author = {Binasch, G. and Gr\"unberg, P. and Saurenbach, F. and Zinn, W.},
  journal = {Phys. Rev. B},
  volume = {39},
  issue = {7},
  pages = {4828--4830},
  numpages = {0},
  year = {1989},
  month = {3},
  publisher = {American Physical Society},
}
%  doi = {10.1103/PhysRevB.39.4828},
%  url = {https://link.aps.org/doi/10.1103/PhysRevB.39.4828}
@article{PhysRevLett.61.2472,
  title = {Giant Magnetoresistance of (001)Fe/(001)Cr Magnetic Superlattices},
  author = {Baibich, M. N. and Broto, J. M. and Fert, A. and Van Dau, F. Nguyen and Petroff, F. and Etienne, P. and Creuzet, G. and Friederich, A. and Chazelas, J.},
  journal = {Phys. Rev. Lett.},
  volume = {61},
  issue = {21},
  pages = {2472--2475},
  numpages = {0},
  year = {1988},
  month = {11},
  publisher = {American Physical Society},
}

 % doi = {10.1103/PhysRevLett.61.2472},
 % url = {https://link.aps.org/doi/10.1103/PhysRevLett.61.2472}

@article{JULLIERE1975225,
title = {Tunneling between ferromagnetic films},
journal = {Physics Letters A},
volume = {54},
number = {3},
pages = {225-226},
year = {1975},
issn = {0375-9601},
author = {Julliere, M.},
}
%doi = {https://doi.org/10.1016/0375-9601(75)90174-7},
%url = {https://www.sciencedirect.com/science/article/pii/0375960175901747},
@article{PhysRevB.16.5271,
  title = {Early stages of oxidation of the Fe{001} surface: Atomic structure of the first monolayer},
  author = {Legg, K. O. and Jona, F. and Jepsen, D. W. and Marcus, P. M.},
  journal = {Phys. Rev. B},
  volume = {16},
  issue = {12},
  pages = {5271--5276},
  numpages = {0},
  year = {1977},
  month = {12},
  publisher = {American Physical Society},
}
%  doi = {10.1103/PhysRevB.16.5271},
%  url = {https://link.aps.org/doi/10.1103/PhysRevB.16.5271}
@article{Legg_1977,
	year = 1977,
	month = {4},
	publisher = {{IOP} Publishing},
	volume = {10},
	number = {7},
	pages = {937--946},
	author = {Legg, K. O. and Jona, F. and Jepsen, D. W. and Marcus, P. M.},
	title = {Low-energy electron diffraction analysis of clean Fe (001)},
	journal = {Journal of Physics C: Solid State Physics},
}
%	doi = {10.1088/0022-3719/10/7/005},
%	url = {https://doi.org/10.1088/0022-3719/10/7/005},
@article{JONA1987667,
title = {Re-examination of the Fe{001}1×1−O structure},
journal = {Solid State Communications},
volume = {64},
number = {5},
pages = {667-671},
year = {1987},
issn = {0038-1098},
author = {Jona, F. and Marcus, P. M.},
}
%doi = {https://doi.org/10.1016/0038-1098(87)90675-2},
%url = {https://www.sciencedirect.com/science/article/pii/0038109887906752},
@article{URANO1983109,
title = {Surface structure of MgO(001) surface studied by LEED},
journal = {Surface Science},
volume = {134},
number = {1},
pages = {109-121},
year = {1983},
issn = {0039-6028},
author = {Urano, T. and Kanaji, T. and Kaburagi, M.},
}
%doi = {https://doi.org/10.1016/0039-6028(83)90314-X},
%url = {https://www.sciencedirect.com/science/article/pii/003960288390314X},

@article{PhysRevB.80.104437,
  title = {MgO/Fe(001) and $\text{MgO}/\text{Fe}(001)\text{\ensuremath{-}}p(1\ifmmode\times\else\texttimes\fi{}1)\text{O}$ interfaces for magnetic tunnel junctions: A comparative study},
  author = {Cattoni, A. and Petti, D. and Brivio, S. and Cantoni, M. and Bertacco, R. and Ciccacci, F.},
  journal = {Phys. Rev. B},
  volume = {80},
  issue = {10},
  pages = {104437},
  numpages = {7},
  year = {2009},
  month = {9},
  publisher = {American Physical Society},
}
%  doi = {10.1103/PhysRevB.80.104437},
%  url = {https://link.aps.org/doi/10.1103/PhysRevB.80.104437}